% ГОСТ Р 7.0.11-2011, Приложение Б, Книги
@BOOK{Sychev,
    author = {Сычёв, М. С.},
    title = {История Астраханского казачьего войска : учебное пособие},
    address = {Астрахань},
    publisher = {Волга},
    year = {2009},
    numpages = {231},
    language = {russian}
}

@BOOK{Sokolov,
    author = {Соколов, А. Н. and Сердобинцев, К. С.},
    editor = {Бочарова, В. М.},
    address = {Астрахань},
    publisher = {Калиниградский ЮИ МВД России},
    title = {Гражданское общество: проблемы формирования и развития (философский и юридический аспекты) : монография},
    year = {2009},
    numpages = {218},
    language = {russian}
}

@BOOK{Gaidaenko,
    author = {Гайдаенко, Т. А.},
    title = {Маркетинговое управление: принципы управленческих решений и российская практика},
    edition = {{}3-е изд, перераб. и доп.},
    address = {М.},
    publisher = {Эксмо: МИРБИС},
    year = {2008},
    numpages = {508},
    language = {russian}
}

@BOOK{Lermontov,
    author = {Лермонтов, Михаил Юрьевич},
    title = {Собрание сочинений: в 4 т.},
    address = {М.},
    publisher = {Терра-Кн. клуб},
    year = {2009},
    note = {4 т.},
    language = {russian}
}

@BOOK{Management,
    title = {Управление бизнесом : сборник статей},
    address = {Нижний новгород},
    publisher = {Изд-во Нижегородского университета},
    year = {2009},
    numpages = {243},
    language = {russian}
}

@BOOK{Borozda,
    author = {Борозда, И. В. and Воронин, Н. И. and Бушманов, А. В.},
    title = {Лечение сочетанных повреждений таза},
    address = {Владивосток},
    publisher = {Дальнаука},
    year = {2009},
    numpages = {195},
    language = {russian}
}

@BOOK{Marketing,
    author = {Михненков, О. В. and Коготкова, И. З. and Генкин, Е. В. and Сороко, Г. Я.},
    title = {Маркетинговые исследования в строительстве : учебное пособие для студентов специальности «Менеджмент организаций»},
    address = {М.},
    publisher = {Государственный университет управления},
    year = {2005},
    numpages = {59},
    language = {russian}
}

% ГОСТ Р 7.0.11-2011, Приложение Б, Нормативные правовые акты
@BOOK{Constitution,
    title = {Конституция Российской Федерации : офиц. текст.},
    address = {М.},
    publisher = {Маркетинг},
    year = {2001},
    numpages = {39},
    language = {russian}
}

@BOOK{FamilyCode,
    title = {Семейный кодекс Российской Федерации : [федер. закон: принят Гос. Думой 8 дек. 1995~г. : по состоянию на 3~янв. 2001~г.]},
    address = {СПб.},
    publisher = {Стаун-кантри},
    year = {2001},
    numpages = {94},
    language = {russian}
}

% ГОСТ Р 7.0.11-2011, Приложение Б, Стандарты
@BOOK{Gost.7.0.53,
    title = {ГОСТ Р 7.0.53-2007 Система стандартов по информации, библиотечному и издательскому делу. Издания. Международный стандартный книжный номер. Использование и издательское оформление.},
    address = {М.},
    publisher = {Стандартинформ},
    year = {2007},
    numpages = {5},
    language = {russian}
}

% ГОСТ Р 7.0.11-2011, Приложение Б, Депонированные научные работы
@BOOK{Razumovski,
    author = {Разумовский, В. А. and Андреев, Д. А.},
    title = {Управление маркетинговыми исследованиями в регионе},
    address = {М.},
    year = {2002},
    numpages = {210},
    note = {Деп. в ИНИОН Рос. акад. наук 15.02.02, № 139876},
    language = {russian}
}

% ГОСТ Р 7.0.11-2011, Приложение Б, Диссертации
@BOOK{Lagkueva,
    author = {Лагкуева, Ирина Владимировна},
    title = {Особенности регулирования труда творческих работников театров : дис. ... канд. юрид. наук : 12.00.05},
    address = {М.},
    year = {2009},
    numpages = {168},
    language = {russian}
}

@BOOK{Pokrovski,
    author = {Покровский, Андрей Владимирович},
    title = {Устранимые особенности решений эллиптических уравнений : дис. ... д-ра физ.-мат. наук : 01.01.01},
    address = {М.},
    year = {2008},
    numpages = {178},
    language = {russian}
}

% ГОСТ Р 7.0.11-2011, Приложение Б, Авторефераты диссертаций
@BOOK{Sirotko,
    author = {Сиротко, Владимир Викторович},
    title = {Медико-социальные аспекты городского травматизма в современных условиях : автореф. дис. ... канд. мед. наук : 14.00.33},
    address = {М.},
    year = {2006},
    numpages = {26},
    language = {russian}
}

% !!! этот пример НЕ работает с bibtex
% Тот же пример, с использованием https://www.ctan.org/pkg/biblatex-gost
@THESIS{Sirotko2,
    author = {Сиротко, Владимир Викторович},
    title = {Медико-социальные аспекты городского травматизма в современных условиях},
    media = {text},
    type = {phdautoref},
    science = {мед. наук},
    specialitycode = {14.00.33},
    address = {М.},
    year = {2006},
    pagetotal = {26},
    language = {russian},
}

@BOOK{Lukina,
    author = {Лукина, Валентина Александровна},
    title = {Творческая история «Записок охотника» И. С. Тургенева : автореф. дис. ... канд. филол. наук : 10.01.01},
    address = {СПб.},
    year = {2006},
    numpages = {26},
    language = {russian}
}

% !!! этот пример НЕ работает с bibtex
% Тот же пример, с использованием https://www.ctan.org/pkg/biblatex-gost
@THESIS{Lukina2,
    author = {Лукина, Валентина Александровна},
    title = {Творческая история «Записок охотника» И. С. Тургенева},
    media = {text},
    type = {phdautoref},
    science = {филол. наук},
    specialitycode = {10.01.01},
    address = {СПб.},
    year = {2006},
    pagetotal = {26},
    language = {russian},
}

% ГОСТ Р 7.0.11-2011, Приложение Б, Отчёты о научно-исследовательской работе
@BOOK{Methodology,
    author = {Загорюев, А. Л.},
    title = {Методология и методы изучения военно-профессиональной направленности подростков : отчёт о НИР},
    address = {Екатеринбург},
    institution = {Уральский институт практической психологии},
    year = {2008},
    numpages = {102},
    language = {russian}
}

% ГОСТ Р 7.0.11-2011, Приложение Б, Электронные ресурсы
@BOOK{Encyclopedia,
    title = {Художественная энциклопедия зарубежного классического искусства [Электронный ресурс]},
    address = {М.},
    publisher = {Большая Рос. энкцикл.},
    year = {1996},
    note = {1 электрон. опт. диск (CD-ROM)},
    language = {russian}
}

% !!! этот пример НЕ работает с bibtex
% Тот же пример, с использованием https://www.ctan.org/pkg/biblatex-gost
@BOOK{Encyclopedia2,
    title = {Художественная энциклопедия зарубежного классического искусства},
    address = {М.},
    media = {eresource},
    publisher = {Большая Рос. энкцикл.},
    year = {1996},
    note = {1 электрон. опт. диск (CD-ROM)},
    language = {russian},
}

@ARTICLE{Nasirova,
    author = {Насырова, Г. А.},
    title = {Модели государственного регулирования страховой деятельности
 [Электронный ресурс]},
    journal = {Вестник Финансовой академии},
    year = {2003},
    number = {4},
    note = {Режим доступа: http://vestnik.fa.ru/4(28)2003/4.html},
    language = {russian}
}

@ARTICLE{Nasirova2,
    author = {Насырова, Г. А.},
    title = {Модели государственного регулирования страховой деятельности},
    journal = {Вестник Финансовой академии},
    year = {2003},
    media = {eresource},
    number = {4},
    note = {Режим доступа: http://vestnik.fa.ru/4(28)2003/4.html},
    language = {russian}
}

% ГОСТ Р 7.0.11-2011, Приложение Б, Статьи

@ARTICLE{Berestova,
    author = {Берестова, Т. Ф.},
    title = {Поисковые инструменты библиотеки},
    journal = {Библиография},
    year = {2006},
    number = {4},
    pages = {19},
    language = {russian}
}

@ARTICLE{Kriger,
    author = {Кригер, И.},
    title = {Бумага терпит},
    journal = {Новая газета},
    year = {2009},
    note = {1 июля},
    language = {russian}
}


% Examples from https://verbosus.com/bibtex-style-examples.html
@ARTICLE{Article,
    author = {Peter Adams},
    title = {The title of the work},
    journal = {The name of the journal},
    year = {1993},
    number = {2},
    pages = {201-213},
    month = {7},
    note = {An optional note},
    volume = {4},
    language = {english}
}

@BOOK{Book,
    author = {Peter Babington},
    title = {The title of the work},
    publisher = {The name of the publisher},
    year = {1993},
    volume = {4},
    series = {10},
    address = {The address},
    edition = {3},
    month = {7},
    note = {An optional note},
    isbn = {3257227892},
    language = {english}
}

@BOOKLET{Booklet,
    title = {The title of the work},
    author = {Peter Caxton},
    howpublished = {How it was published},
    address = {The address of the publisher},
    month = {7},
    year = {1993},
    note = {An optional note},
    language = {english}
}

@CONFERENCE{Conference,
    author = {Peter Draper},
    title = {The title of the work},
    booktitle = {The title of the book},
    year = {1993},
    editor = {The editor},
    volume = {4},
    series = {5},
    pages = {213},
    address = {The address of the publisher},
    month = {7},
    organization = {The organization},
    publisher = {The publisher},
    note = {An optional note},
    language = {english}
}

@INBOOK{Inbook,
    author = {Peter Eston},
    title = {The title of the work},
    booktitle = {Book title},
    chapter = {8},
    pages = {201-213},
    publisher = {The name of the publisher},
    year = {1993},
    volume = {4},
    series = {5},
    address = {The address of the publisher},
    edition = {3},
    month = {7},
    note = {An optional note},
    language = {english}
}

@INCOLLECTION{Incollection,
    author = {Peter Farindon},
    title = {The title of the work},
    booktitle = {The title of the book},
    publisher = {The name of the publisher},
    year = {1993},
    editor = {The editor},
    volume = {4},
    series = {5},
    chapter = {8},
    pages = {201-213},
    address = {The address of the publisher},
    edition = {3},
    month = {7},
    note = {An optional note},
    language = {english}
}

@MANUAL{Manual,
    title = {The title of the work},
    author = {Peter Gainsford},
    organization = {The organization},
    address = {The address of the publisher},
    edition = {3},
    month = {7},
    year = {1993},
    note = {An optional note},
    language = {english}
}

@MASTERSTHESIS{Mastersthesis,
    author = {Peter Harwood},
    title = {The title of the work},
    school = {The school where the thesis was written},
    year = {1993},
    address = {The address of the publisher},
    month = {7},
    note = {An optional note},
    language = {english}
}

@MISC{Misc,
    author = {Peter Isley},
    title = {The title of the work},
    howpublished = {How it was published},
    month = {7},
    year = {1993},
    note = {An optional note},
    language = {english}
}

@PHDTHESIS{Phdthesis,
    author = {Peter Joslin},
    title = {The title of the work},
    school = {The school where the thesis was written},
    year = {1993},
    address = {The address of the publisher},
    month = {7},
    note = {An optional note},
    language = {english}
}

@PROCEEDINGS{Proceedings,
    title = {The title of the work},
    year = {1993},
    editor = {Peter Kidwelly},
    volume = {4},
    series = {5},
    address = {The address of the publisher},
    month = {7},
    organization = {The organization},
    publisher = {The name of the publisher},
    note = {An optional note},
    language = {english}
}

@TECHREPORT{Techreport,
    author = {Peter Lambert},
    title = {The title of the work},
    institution = {The institution that published},
    year = {1993},
    number = {2},
    address = {The address of the publisher},
    month = {7},
    note = {An optional note},
    language = {english}
}

@UNPUBLISHED{Unpublished,
    author = {Peter Marcheford},
    title = {The title of the work},
    note = {An optional note},
    month = {7},
    year = {1993},
    language = {english}
}

%%% Реальные примеры

% Инициалы должны быть записаны после запятой, с точками, через пробел
% http://www.kit-e.ru/articles/elcomp/2006_12_124.php
% Подчёркивания в ссылке приходится экранировать
% http://www.kit-e.ru/articles/elcomp/2006\_12\_124.php
@online{medvedev2006jelektronnye,
    title = {Электронные компоненты и монтажные подложки},
    author = {Медведев, А. М.},
    journal = {Компоненты и технологии},
    number = {12},
    pages = {124--134},
    year = {2006},
    medium = {Электронный ресурс},
    url = {http://www.kit-e.ru/articles/elcomp/2006\_12\_124.php},
    urldate = {19.01.2015},
    language = {russian}
}

% Real example
% & в названии журнала надо экранировать
% 10.1002/1521-4125(200007)23:7<581::AID-CEAT581>3.0.CO;2-P
% < > в ссылке приходится экранировать %3C и %3E, а потом ещё знаки процента в них экранировать
% 10.1002/1521-4125(200007)23:7%3C581::AID-CEAT581%3E3.0.CO;2-P
% 10.1002/1521-4125(200007)23:7\%3C581::AID-CEAT581\%3E3.0.CO;2-P
% url не нужен. если запись о бумажной публикации
@article{CEAT:CEAT581,
    author = {Deiters, U. K.},
    title = {A Modular Program System for the Calculation of Thermodynamic Properties of Fluids},
    journal = {Chemical Engineering \& Technology},
    volume = {23},
    number = {7},
    publisher = {WILEY-VCH Verlag},
    issn = {1521-4125},
    doi = {10.1002/1521-4125(200007)23:7<581::AID-CEAT581>3.0.CO;2-P},
    pages = {581--584},
    year = {2000},
    language = {english}
}

% Real with  4 authors
@article{doi:10.1080/01932691.2010.513279,
    author = {Young-Sang Cho and Young Kuk Kim and Kook Chae Chung and Chul Jin Choi },
    title = {Deformation of Colloidal Crystals for Photonic Band Gap Tuning},
    journal = {Journal of Dispersion Science and Technology},
    volume = {32},
    number = {10},
    pages = {1408-1415},
    year = {2011},
    doi = {10.1080/01932691.2010.513279},
    language = {english}
}

% doi with (), author with umlaut or other unicode or specific symbols, 9 authors
% latex don't like Gösele1999161 in ref
% Умляуты в авторах понимаются из-за поддержки в юникодной странице pdflatex и xelatex
% Иллюстрация того, что будет. если на английской записи будут поставлена пометка, что язык русский
@article{Gosele1999161,
    title = "Wafer bonding for microsystems technologies",
    journal = "Sensors and Actuators A: Physical",
    volume = "74",
    number = "1–3",
    pages = "161 - 168",
    year = "1999",
    issn = "0924-4247",
    doi = "10.1016/S0924-4247(98)00310-0",
    author = "Gösele, U. and Tong, Q.-Y. and Schumacher, A. and Kräuter, G. and Reiche, M. and Plößl, A. and Kopperschmidt, P. and Lee, T.-H. and Kim, W.-J.",
    keywords = "Wafer bonding",
    keywords = "Fusion bonding",
    keywords = "Pressure sensors",
    keywords = "Interface reactions",
    keywords = "Hydrophilic bonding",
    keywords = "Hydrophobic bonding",
    language = {russian}
}

% Real example (from Google or Springer)
% unmodified styles don't know %language = {English}
% язык писать с маленьких
% иллюстрация incollection
% 10.1007/0-387-32989-7_45
% Подчёркивания в DOI приходится экранировать
% 10.1007/0-387-32989-7\_45
@incollection{Li2007StressAnalysis,
    year = {2007},
    isbn = {978-0-387-27974-9},
    booktitle = {Micro- and Opto-Electronic Materials and Structures: Physics, Mechanics, Design, Reliability, Packaging},
    editor = {Suhir, E. and Lee, Y. C. and Wong, C. P.},
    doi = {10.1007/0-387-32989-7_45},
    title = {Stress Analysis for Processed Silicon Wafers and Packaged Micro-devices},
    publisher = {Springer US},
    author = {Li, Li and Guo, Yifan and Zheng, Dawei},
    pages = {B677-B709},
    language = {english}
}

% Real, β sign
% inputenc don't know β sign %aluminosilicate-β-quartz
% Знаки типа β, которые не знает таблица кодировки, с которой работает компилятор нужно заменять на latex команды
% doi должен быть без http://dx.doi.org/
@article{Shoji199895,
    title = "Low-temperature anodic bonding using lithium aluminosilicate-\(\beta\)-quartz glass ceramic",
    journal = "Sensors and Actuators A: Physical",
    volume = "64",
    number = "1",
    pages = "95 - 100",
    year = "1998",
    note = "Tenth {IEEE} International Workshop on Micro Electro Mechanical Systems ",
    issn = "0924-4247",
    doi = "10.1016/S0924-4247(97)01659-2",
    author = {Shuichi Shoji and Hiroto Kikuchi and Hirotaka Torigoe},
    keywords = "Anodic bonding",
    keywords = "Low-temperature bonding",
    keywords = "Micro assembly",
    keywords = "Micro package",
    keywords = "Glass ceramic",
}


% from urlbst package
% Example from Jason Eisner, by mail (nothing special about the entry,
% but he seemed to be having formatting problems with unsrturl and proceedings
% entries.
% http://cs.jhu.edu/~jason/papers/#icassp07
@InProceedings{test:eisner-sample,
    author = {Damianos Karakos and Sanjeev Khudanpur and Jason
 Eisner and Carey~E. Priebe},
    title = {Iterative denoising using {J}ensen-{R}enyi
 divergences with an application to unsupervised
 document categorization},
    booktitle = {Proceedings of ICASSP},
    year = 2007,
    url = {http://cs.jhu.edu/~jason/papers/\#icassp07}
}

@InProceedings{test:eisner-sample-shorted,
    author = {Damianos Karakos and Sanjeev Khudanpur and Jason
 Eisner and Carey~E. Priebe},
    title = {Iterative denoising using {J}ensen-{R}enyi
 divergences with an application to unsupervised
 document categorization},
    booktitle = {Proceedings of ICASSP},
    shortbooktitle = {Proc. of ICASSP},
    year = 2007,
    url = {http://cs.jhu.edu/~jason/papers/\#icassp07}
}

% Попытка записать патент имеющимися средствами
@Book{iofis_patent1960,
    title = {Способ пайки керамики с~керамикой и~стекла с~металлом : а.\,с.~126728 СССР},
    author = {Иофис, Н. А.},
    year = {1960},
    numpages = {Бюл. № 5.~1},
    language = {russian}
}

% Попытка записать патент имеющимися средствами
@Book{AB_patent_Pomerantz_1968,
    title = {Anodic bonding : patent no. 3397278 US},
    author = {Pomerantz, D. I.},
    year = {1968},
    language = {english}
}

% !!! этот пример НЕ работает с bibtex
% Примеры оформления патентов из пакета https://www.ctan.org/pkg/biblatex-gost
@Patent{patent2h,
    heading = {Заявка 1095735 Рос. федерация, МПК\ensuremath{^7} B 64 G 1/00},
    author = {Тернер, Э. В.},
    authortype = {США},
    title = {Одноразовая ракета-носитель},
    media = {text},
    holder = {{заявитель Спейс Системз/Лорал, инк.}},
    credits = {патент. поверенный Егорова Г. Б.},
    reqnumber = {2000108705/28},
    date = {2000-04-07},
    publdate = {2001-03-10},
    publication = {Бюл. № 7 (I ч.)\midsentence},
    prdate = {1999-04-09},
    prnumber = {09/289, 037},
    prcountry = {countryus},
    pagetotal = {5 с.~: ил.},
    language = {russian},
}

@Patent{patent3h,
    heading = {А. с. 1007970 СССР, МКИ\ensuremath{^3} В 25.1 15/00},
    author = {В. С. Ваулин and В. Г. Кемайкин},
    authortype = {СССР},
    title = {Устройство для захвата неориентированных деталей типа валов},
    media = {text},
    reqnumber = {3360585/25-08},
    date = {1981-11-23},
    publication = {Бюл. № 12},
    publdate = {1983-03-30},
    pagetotal = {2 с.~: ил.},
    language = {russian},
}

@Patent{patent2,
    author = {Тернер, Э. В.},
    authortype = {США},
    title = {Одноразовая ракета-носитель},
    media = {text},
    type = {patreq},
    number = 1095735,
    location = {countryru},
    ipc = {МПК\ensuremath{^7} B 64 G 1/00},
    holder = {{заявитель Спейс Системз/Лорал, инк.}},
    credits = {патент. поверенный Егорова Г. Б.},
    reqnumber = {2000108705/28},
    date = {2000-04-07},
    publdate = {2001-03-10},
    publication = {Бюл. № 7 (I ч.)\midsentence},
    prioritydate = {1999-04-09},
    prioritynumber = {09/289, 037},
    prioritycountry = {countryus},
    pagetotal = {5 с.~: ил.},
    language = {russian},
}

@online{gks_environmental_protection,
    author = {Федеральная~служба~государственной~статистики},
    title = {Охрана окружающей среды России},
    year = {2019},
    url = {http://www.gks.ru/wps/wcm/connect/rosstat_main/rosstat/ru/statistics/enterprise/industrial/#},
    urldate = {16.01.2019},
    language = {russian},
}

@online{ecology_now,
    author = {Интернет-журнал~"Экология~сегодня"},
    title = {Охрана окружающей среды России},
    year = {2019},
    url = {https://ecologynow.ru/},
    urldate = {16.01.2019},
    language = {russian},
}

@online{ria_the_largest_fires_in_russia,
    author = {РИА~Новости},
    title = {Крупнейшие лесные пожары в мире в 2007-2018 годах},
    year = {2019},
    url = {https://ecologynow.ru/},
    urldate = {16.01.2019},
    language = {russian},
}

@online{federal_forest_agency,
    author = {Федеральное~агентство~лесного~хозяйства},
    year = {2019},
    url = {http://rosleshoz.gov.ru/press/news/all},
    urldate = {16.01.2019},
    language = {russian},
}

@BOOK{food2018state,
    author = {ФАO},
    title = {Cостояние лесов мира 2018 - Пути к достижению устройчивого развития с учетом значения лесов},
    publisher = {Рим},
    year = {2018},
    numpages = {139},
    language = {russian},
    isbn = {978-92-5-130722-9}
}

@online{nifc_total_wildland_fires_and_acres,
    title = {Total Wildland Fires and Acres (1926-2017)},
    journal = {National Interagency Fire Center},
    medium = {Электронный ресурс},
    url = {https://www.nifc.gov/fire-information/statistics/wildfires},
    urldate = {07.01.2019},
    language = {english}
}

@article{on_the_laws_of_combustion_wave_supp,
    title = "On the laws of combustion wave suppression by free water in a homogeneous porous layer of organic combustible materials",
    journal = "Fluid Dynamics",
    volume = "41",
    number = "3",
    pages = "389 - 399",
    year = "2016",
    author = {Kataeva, L.Y. and Maslennikov, D.A. and Loshchilova, N.A.},
}


@ARTICLE{belyaev_natural_and_artificial_barrier,
    author = {Беляев, И. В. and Лощилова, Н. А. and Масленников, Д. А. and Катаева, Л. Ю.},
    title = {Исследование влияния комбинации искусственной и естественной преграды для тушения лесного пожара.},
    journal = {Междунар. науч.-исслед. журн.},
    year = {2016},
    number = {6-5(48)},
    pages = {88-94},
    language = {russian}
}

@article{sergey_on_influence_of_water_barrier_on_forest_fire,
    author = {Катаева, Л. Ю. and Постнов, А. Д. and Лощилов, С. А. and Масленников, Д. А.},
    title = {О влиянии водного барьера на динамику развития лесного пожара в зависимости от рельефа местности},
    journal = {Пожаровзрывобезопасность},
    year = {2014},
    volume = {1},
    language = {russian}
}

@book{abduragimov_physics_and_chem_wrt_fire,
    author = {Абдурагимов, И. М. and Говоров, В. Ю. and Макаров, В.Е.},
    title = {Физико-химические основы развития и тушения пожаров},
    journal = {journal},
    year = {year},
}

@article{tarasov_fire_extinguishing_technologies,
    author = {Тарасов, Н. Н. and Ковалев, Э. А. and Аликин, В. Н. and Довбня, Б. Е. and Серебренников, С. Ю.},
    title = {Технологии тушения пожаров повышенной сложности},
    journal = {Экология и промышленность России},
    year = {2014},
    number = {6},
    pages = {9-12},
}

@article{zachmatov_radioactive_fire,
    author = {Захматов, В.Д. and Онов, В.А. and Турсенев С.А. and Зыков, А.В. and Щербак, Н.В.},
    title = {Новая технология и техника тушения, позволяющие эффективно использовать информационные технологии при тушении пожаров радиоактивного леса},
    journal = {Материалы Всероссийской научно-практической конференции},
    year = {2018},
    pages = {390-397},
}

@article{abduragimov_fire_not_be_bombed,
    author = {Абдурагимов, И. М.},
    title = {Лесные пожары нельзя разбомбить},
    journal = {Пожаровзрывобезопасность},
    year = {2012},
    volume = {21},
    number = {2},
    pages = {64-68},
}

@article{mirimovich_revive_asp_500,
    author = {Миримович, Э.Г.},
    title = {Призыв к реанимации проекта АСП},
    journal = {Пожарная безопасность: проблемы и перспективы},
    year = {2016},
    volume = {7},
    number = {1}
}

@article{sabinin_ingibitors_state_of_a_problem,
    author = {Сабинин, О.Ю. and },
    title = {Лесные пожары нельзя разбомбить},
    journal = {Пожаровзрывобезопасность},
    year = {2007},
    volume = {16},
    number = {6},
    pages = {63-68},
}

@ARTICLE{study_shortstopping_runaway_reactions,
    author = {Dakshinamoorthy, D. and Khopkar, A. R. and Louvar, J. F. and Ranade, V. V.},
    title = {CFD simulations to study shortstopping runaway reactions in a stirred vessel},
    journal = {Journal of Loss Prevention in the Process Industries},
    year = {2004},
    number = {5},
    pages = {355-364},
    volume = {11},
    language = {english},
    issn = {0950-4230},
}

@ARTICLE{fire_suppression_characteristics_cf3h,
    author = {Viswanath R. Katta and Fumiaki Takahashi and Gregory T. Linteris},
    title = {Fire-suppression characteristics of $CF_3H$ in a cup burner},
    journal = {Combustion and Flame},
    year = {2005},
    pages = {645–661},
    volume = {144},
    language = {english}
}

@ARTICLE{fire_suppression_modeling_using_cfd,
    author = {Vamshi M. Korivi and Bradley A. Williams and Steven J. McCormick and Kshitij Deshmukh},
    title = {Fire Suppression Modeling using Computational Fluid Dynamics},
    journal = {Ground Vehicle Systems Engineering and Technology Symposium},
    year = {2014},
    language = {english}
}


@article{Korobeinichev2014,
	abstract = {A skeletal mechanism of inhibition and quenching of methane flames by addition of trimethyl phosphate was developed. It includes a mechanism of methane oxidation consisting of 19 elementary steps involving 15 species (including N2), and four elementary reactions involving three phosphorus-containing species (PO2, HOPO, and HOPO2). The developed skeletal mechanism adequately predicts the burning velocity of flames with added inhibitor over a range of equivalence ratio of 0.7--1.4 and can be used to model fire suppression.},
	author = {Korobeinichev, O. P. and Bolshova, T. A. and Shmakov, A. G. and Shvartsberg, V. M.},
	da = {2014/03/01},
	date-added = {2021-06-17 16:09:49 +0300},
	date-modified = {2021-06-17 16:09:49 +0300},
	doi = {10.1134/S0010508214020026},
	id = {Korobeinichev2014},
	isbn = {1573-8345},
	journal = {Combustion, Explosion, and Shock Waves},
	number = {2},
	pages = {130--134},
	title = {Skeletal mechanism of inhibition and suppression of a methane-air flame by addition of trimethyl phosphate},
	ty = {JOUR},
	url = {https://doi.org/10.1134/S0010508214020026},
	volume = {50},
	year = {2014},
	Bdsk-Url-1 = {https://doi.org/10.1134/S0010508214020026}
}

@article{Experimental_study_on_optimizing_the_inhibition_effect,
author = {Wenzhou Du and Jie Zhang and Qingxin Xie and Yansong Zhang and Kuo Niu and Houwang Wang},
title = {Experimental study on optimizing the inhibition effect of pre-injection inhibitor on coal spontaneous combustion},
journal = {Energy Sources, Part A: Recovery, Utilization, and Environmental Effects},
volume = {0},
number = {0},
pages = {1-18},
year  = {2020},
publisher = {Taylor & Francis},
doi = {10.1080/15567036.2020.1780350},

URL = {
        https://doi.org/10.1080/15567036.2020.1780350

},
eprint = {
        https://doi.org/10.1080/15567036.2020.1780350

}

}

@article{extinguishing_fires_with_aerosols,
    author = {Коробейничев, О. П. and Шмаков А. Г. and Чернов, А. А. and Большова, Т. А. and Шварцберг, В. М. and Куценогий, К. П. and Макаров, В. И.},
    title = {Тушение пожаров с помощью аэрозолей растворов солей},
    journal = {Физика горения и взрыва},
    year = {2010},
    volume = {46},
    number = {1},
    pages = {20-25},
}

@article{ilicheva_loschilov,
    author = {Катаева, Л. Ю. and Ильичева, М. Н. and Лощилов А. А.},
    title = {Математическое моделирование тушение лесного пожара капсулами с водой в термоактивной оболочке},
    journal = {Вычислительная механика сплошных сред},
    year = {2020},
    month = {9},
    volume = {13},
    number = {3},
    pages = {320-336},
    language = {russian}
}
